%% This BibTeX bibliography file was created using BibDesk.
%% http://bibdesk.sourceforge.net/

%% Created for Austen Lamacraft at 2019-08-21 22:53:56 +0100 


%% Saved with string encoding Unicode (UTF-8) 



@article{Oord:2016aa,
	Author = {Oord, Aaron van den and Dieleman, Sander and Zen, Heiga and Simonyan, Karen and Vinyals, Oriol and Graves, Alex and Kalchbrenner, Nal and Senior, Andrew and Kavukcuoglu, Koray},
	Date-Added = {2019-08-21 22:53:54 +0100},
	Date-Modified = {2019-08-21 22:53:55 +0100},
	Journal = {arXiv preprint arXiv:1609.03499},
	Title = {Wavenet: A generative model for raw audio},
	Year = {2016}}

@article{Gritsenko:2019aa,
	Author = {Gritsenko, Alexey A and Snoek, Jasper and Salimans, Tim},
	Date-Added = {2019-08-21 21:37:16 +0100},
	Date-Modified = {2019-08-21 21:37:18 +0100},
	Title = {On the relationship between Normalising Flows and Variational-and Denoising Autoencoders},
	Year = {2019}}

@article{Mohamed:2019aa,
	Author = {Mohamed, Shakir and Rosca, Mihaela and Figurnov, Michael and Mnih, Andriy},
	Date-Added = {2019-08-21 18:34:42 +0100},
	Date-Modified = {2019-08-21 18:34:43 +0100},
	Journal = {arXiv preprint arXiv:1906.10652},
	Title = {Monte Carlo Gradient Estimation in Machine Learning},
	Year = {2019}}

@article{Oord:2017aa,
	Author = {Oord, Aaron van den and Li, Yazhe and Babuschkin, Igor and Simonyan, Karen and Vinyals, Oriol and Kavukcuoglu, Koray and Driessche, George van den and Lockhart, Edward and Cobo, Luis C and Stimberg, Florian and others},
	Date-Added = {2019-08-21 14:14:54 +0100},
	Date-Modified = {2019-08-21 14:14:56 +0100},
	Journal = {arXiv preprint arXiv:1711.10433},
	Title = {Parallel wavenet: Fast high-fidelity speech synthesis},
	Year = {2017}}

@article{Serra:2019aa,
	Author = {Serr{\`a}, Joan and Pascual, Santiago and Segura, Carlos},
	Date-Added = {2019-08-20 15:46:49 +0100},
	Date-Modified = {2019-08-20 15:46:50 +0100},
	Journal = {arXiv preprint arXiv:1906.00794},
	Title = {Blow: a single-scale hyperconditioned flow for non-parallel raw-audio voice conversion},
	Year = {2019}}

@article{Karami:aa,
	Author = {Karami, Mahdi and Sohl-Dickstein, Jascha and Dinh, Laurent and Duckworth, Daniel and Schuurmans, Dale},
	Date-Added = {2019-08-20 15:14:18 +0100},
	Date-Modified = {2019-08-20 15:14:20 +0100},
	Title = {Symmetric Convolutional Flow}}

@inproceedings{Karami:2018aa,
	Author = {Mahdi Karami and Laurent Dinh and Daniel Duckworth},
	Date-Added = {2019-08-20 15:13:24 +0100},
	Date-Modified = {2019-08-20 15:13:25 +0100},
	Title = {Generative Convolutional Flow for Density Estimation},
	Year = {2018}}

@article{Finzi:aa,
	Author = {Finzi, Marc and Izmailov, Pavel and Maddox, Wesley and Kirichenko, Polina and Wilson, Andrew Gordon},
	Date-Added = {2019-08-20 12:54:00 +0100},
	Date-Modified = {2019-08-20 12:54:00 +0100},
	Title = {Invertible Convolutional Networks}}

@article{Hoogeboom:2019ab,
	Author = {Hoogeboom, Emiel and Berg, Rianne van den and Welling, Max},
	Date-Added = {2019-08-20 12:53:30 +0100},
	Date-Modified = {2019-08-20 12:53:33 +0100},
	Journal = {arXiv preprint arXiv:1901.11137},
	Title = {Emerging convolutions for generative normalizing flows},
	Year = {2019}}

@inproceedings{Sole:2004aa,
	Author = {Sol{\'e}, Joel and Salembier, Philippe},
	Booktitle = {2004 IEEE International Conference on Acoustics, Speech, and Signal Processing},
	Date-Added = {2019-08-20 12:25:25 +0100},
	Date-Modified = {2019-08-20 12:25:25 +0100},
	Organization = {IEEE},
	Pages = {iii--57},
	Title = {Adaptive discrete generalized lifting for lossless compression},
	Volume = {3},
	Year = {2004}}

@article{Huang:2018aa,
	Author = {Huang, Chin-Wei and Krueger, David and Lacoste, Alexandre and Courville, Aaron},
	Date-Added = {2019-08-20 12:24:34 +0100},
	Date-Modified = {2019-08-20 12:24:36 +0100},
	Journal = {arXiv preprint arXiv:1804.00779},
	Title = {Neural autoregressive flows},
	Year = {2018}}

@article{Townsend:2019aa,
	Author = {Townsend, James and Bird, Tom and Barber, David},
	Date-Added = {2019-08-14 19:08:30 +0100},
	Date-Modified = {2019-08-14 19:08:31 +0100},
	Journal = {arXiv preprint arXiv:1901.04866},
	Title = {Practical lossless compression with latent variables using bits back coding},
	Year = {2019}}

@inproceedings{Frey:1996aa,
	Author = {Frey, Brendan J and Hinton, Geoffrey E},
	Booktitle = {Proceedings of Data Compression Conference-DCC'96},
	Date-Added = {2019-08-12 15:32:54 +0100},
	Date-Modified = {2019-08-12 15:32:55 +0100},
	Organization = {IEEE},
	Pages = {73--81},
	Title = {Free energy coding},
	Year = {1996},
	Bdsk-File-1 = {YnBsaXN0MDDSAQIDBFxyZWxhdGl2ZVBhdGhZYWxpYXNEYXRhXxBzLi4vLi4vLi4vLi4vLi4vLi4vLi4vLi4vdmFyL2ZvbGRlcnMvamQvX2Y3aGMwNTE2cWI2ZHlicmI0MTR4amh3MDAwMGduL1QvY29tLmFwcGxlLlByZXZpZXcvUG9zdFNjcmlwdC1LRDgzOWEvZmVjLnBkZk8RAboAAAAAAboAAgAADE1hY2ludG9zaCBIRAAAAAAAAAAAAAAAAAAAAAAAAABCRAAB/////wdmZWMucGRmAAAAAAAAAAAAAAAAAAAAAAAAAAAAAAAAAAAAAAAAAAAAAAAAAAAAAAAAAAAAAAAAAAAAAAAAAAD/////AAAAAAAAAAAAAAAAAAgACQAACiBjdQAAAAAAAAAAAAAAAAARUG9zdFNjcmlwdC1LRDgzOWEAAAIAZS86cHJpdmF0ZTp2YXI6Zm9sZGVyczpqZDpfZjdoYzA1MTZxYjZkeWJyYjQxNHhqaHcwMDAwZ246VDpjb20uYXBwbGUuUHJldmlldzpQb3N0U2NyaXB0LUtEODM5YTpmZWMucGRmAAAOABAABwBmAGUAYwAuAHAAZABmAA8AGgAMAE0AYQBjAGkAbgB0AG8AcwBoACAASABEABIAY3ByaXZhdGUvdmFyL2ZvbGRlcnMvamQvX2Y3aGMwNTE2cWI2ZHlicmI0MTR4amh3MDAwMGduL1QvY29tLmFwcGxlLlByZXZpZXcvUG9zdFNjcmlwdC1LRDgzOWEvZmVjLnBkZgAAEwABLwD//wAAAAgADQAaACQAmgAAAAAAAAIBAAAAAAAAAAUAAAAAAAAAAAAAAAAAAAJY}}

@inproceedings{Hinton:1994aa,
	Author = {Hinton, Geoffrey E and Zemel, Richard S},
	Booktitle = {Advances in neural information processing systems},
	Date-Added = {2019-08-12 15:28:18 +0100},
	Date-Modified = {2019-08-12 15:28:19 +0100},
	Pages = {3--10},
	Title = {Autoencoders, minimum description length and Helmholtz free energy},
	Year = {1994}}

@inproceedings{Huang:2014aa,
	Author = {H. {Huang} and H. {Shu} and R. {Yu}},
	Booktitle = {2014 IEEE International Conference on Acoustics, Speech and Signal Processing (ICASSP)},
	Date-Added = {2019-08-09 12:57:58 +0100},
	Date-Modified = {2019-08-09 12:57:59 +0100},
	Doi = {10.1109/ICASSP.2014.6854944},
	Issn = {1520-6149},
	Keywords = {arithmetic codes;audio coding;data compression;IEEE standards;probability;IEEE standard;advanced audio coding;IEEE 1857.2;lossless audio compression tools;amplitude envelop flattening;linear prediction residue;scaled probability template;arithmetic coder;IEEE lossless compressor;MPEG-4 ALS;FLAC;Encoding;Decoding;Audio compression;Transform coding;Entropy;Indexes;IEEE standards;Lossless audio compression;IEEE 1857.2;linear prediction;arithmetic coding},
	Month = {May},
	Pages = {6934-6938},
	Title = {Lossless audio compression in the new IEEE Standard for Advanced Audio Coding},
	Year = {2014},
	Bdsk-Url-1 = {https://doi.org/10.1109/ICASSP.2014.6854944}}

@inproceedings{Garbacea:2019aa,
	Author = {G{\^a}rbacea, Cristina and van den Oord, A{\"a}ron and Li, Yazhe and Lim, Felicia SC and Luebs, Alejandro and Vinyals, Oriol and Walters, Thomas C},
	Booktitle = {ICASSP 2019-2019 IEEE International Conference on Acoustics, Speech and Signal Processing (ICASSP)},
	Date-Added = {2019-08-09 12:04:42 +0100},
	Date-Modified = {2019-08-09 12:04:43 +0100},
	Organization = {IEEE},
	Pages = {735--739},
	Title = {Low bit-rate speech coding with VQ-VAE and a WaveNet decoder},
	Year = {2019}}

@inproceedings{Kankanahalli:2018aa,
	Author = {Kankanahalli, Srihari},
	Booktitle = {2018 IEEE International Conference on Acoustics, Speech and Signal Processing (ICASSP)},
	Date-Added = {2019-08-09 12:03:31 +0100},
	Date-Modified = {2019-08-09 12:03:32 +0100},
	Organization = {IEEE},
	Pages = {2521--2525},
	Title = {End-to-end optimized speech coding with deep neural networks},
	Year = {2018}}

@article{Ho:2019aa,
	Author = {Ho, Jonathan and Lohn, Evan and Abbeel, Pieter},
	Date-Added = {2019-08-08 11:58:29 +0100},
	Date-Modified = {2019-08-08 11:58:29 +0100},
	Journal = {arXiv preprint arXiv:1905.08500},
	Title = {Compression with Flows via Local Bits-Back Coding},
	Year = {2019}}

@article{Tran:2019aa,
	Author = {Tran, Dustin and Vafa, Keyon and Agrawal, Kumar Krishna and Dinh, Laurent and Poole, Ben},
	Date-Added = {2019-08-08 11:04:39 +0100},
	Date-Modified = {2019-08-08 11:04:40 +0100},
	Journal = {arXiv preprint arXiv:1905.10347},
	Title = {Discrete Flows: Invertible Generative Models of Discrete Data},
	Year = {2019}}

@article{Hoogeboom:2019aa,
	Author = {Hoogeboom, Emiel and Peters, Jorn WT and Berg, Rianne van den and Welling, Max},
	Date-Added = {2019-08-08 11:04:17 +0100},
	Date-Modified = {2019-08-08 11:04:20 +0100},
	Journal = {arXiv preprint arXiv:1905.07376},
	Title = {Integer Discrete Flows and Lossless Compression},
	Year = {2019}}

@article{Shannon:1948aa,
	Author = {Shannon, Claude Elwood},
	Date-Added = {2019-08-06 16:52:25 +0100},
	Date-Modified = {2019-08-06 16:52:26 +0100},
	Journal = {Bell system technical journal},
	Number = {3},
	Pages = {379--423},
	Publisher = {Wiley Online Library},
	Title = {A mathematical theory of communication},
	Volume = {27},
	Year = {1948}}
